<collection xmlns="http://www.loc.gov/MARC21/slim">
<record>
  <leader>01532nam0a2200325 i 450 </leader>
  <controlfield tag="001">IT\ICCU\CNCE\052465</controlfield>
  <controlfield tag="005">20011108000000.0</controlfield>
  <datafield tag="012" ind1=" " ind2=" ">
    <subfield code="a">oaer e,c- ere- esl&apos; (3) 1588 (R)</subfield>
    <subfield code="2">fei</subfield>
  </datafield>
  <datafield tag="100" ind1=" " ind2=" ">
    <subfield code="a">20011108d1588        0itac0103    ba</subfield>
  </datafield>
  <datafield tag="101" ind1=" " ind2=" ">
    <subfield code="a">ITA</subfield>
  </datafield>
  <datafield tag="102" ind1=" " ind2=" ">
    <subfield code="a">IT</subfield>
  </datafield>
  <datafield tag="200" ind1="1" ind2=" ">
    <subfield code="a">Discorso intorno alla virtu della patienza a consolatione d&apos;ogni triboato, &amp; afflitto in qual si voglia stato &amp; accidente, di m. Angelo Rocca da Camerino agost.ano</subfield>
  </datafield>
  <datafield tag="210" ind1=" " ind2=" ">
    <subfield code="a">In Roma</subfield>
    <subfield code="c">appresso Vincenzo Accolti</subfield>
    <subfield code="d">in Borgo</subfield>
    <subfield code="d">1588</subfield>
  </datafield>
  <datafield tag="215" ind1=" " ind2=" ">
    <subfield code="a">32,  \4! p.</subfield>
    <subfield code="d">4ʻ</subfield>
  </datafield>
  <datafield tag="620" ind1=" " ind2=" ">
    <subfield code="a">IT</subfield>
    <subfield code="d">Roma</subfield>
  </datafield>
  <datafield tag="700" ind1=" " ind2="1">
    <subfield code="a">Rocca,</subfield>
    <subfield code="b">Angelo</subfield>
    <subfield code="3">IT\ICCU\CNCA\001154</subfield>
  </datafield>
  <datafield tag="712" ind1="0" ind2="0">
    <subfield code="a">Accolti, Vincenzo</subfield>
    <subfield code="3">IT\ICCU\CNCT\000270</subfield>
    <subfield code="4">650</subfield>
  </datafield>
  <datafield tag="790" ind1=" " ind2="0">
    <subfield code="a">Angelus</subfield>
    <subfield code="c"> : Rocchensis</subfield>
    <subfield code="3">IT\ICCU\CNCA\018717</subfield>
    <subfield code="z">Rocca, Angelo</subfield>
  </datafield>
  <datafield tag="790" ind1=" " ind2="0">
    <subfield code="a">Angelo</subfield>
    <subfield code="c"> : de#Rocca Contrada</subfield>
    <subfield code="3">IT\ICCU\CNCA\018718</subfield>
    <subfield code="z">Rocca, Angelo</subfield>
  </datafield>
  <datafield tag="790" ind1=" " ind2="1">
    <subfield code="a">Camerino,</subfield>
    <subfield code="b">Angelo : de</subfield>
    <subfield code="3">IT\ICCU\CNCA\018719</subfield>
    <subfield code="z">Rocca, Angelo</subfield>
  </datafield>
  <datafield tag="791" ind1="0" ind2="0">
    <subfield code="a">Accoltus, Vincentius</subfield>
    <subfield code="3">IT\ICCU\CNCT\004218</subfield>
    <subfield code="z">Accolti, Vincenzo</subfield>
  </datafield>
  <datafield tag="791" ind1="0" ind2="2">
    <subfield code="a">℗in aedibus ℗Accoltianis</subfield>
    <subfield code="3">IT\ICCU\CNCT\004273</subfield>
    <subfield code="z">Accolti, Vincenzo</subfield>
  </datafield>
  <datafield tag="801" ind1=" " ind2="3">
    <subfield code="a">IT</subfield>
    <subfield code="b">ICCU</subfield>
    <subfield code="c">20201115</subfield>
  </datafield>
  <datafield tag="899" ind1=" " ind2=" ">
    <subfield code="a">Biblioteca comunale Francesco Cini. Osimo</subfield>
    <subfield code="1">AN0054</subfield>
    <subfield code="2">URB B2</subfield>
  </datafield>
  <datafield tag="899" ind1=" " ind2=" ">
    <subfield code="a">Biblioteca Ambrosiana. Milano</subfield>
    <subfield code="1">MI0133</subfield>
    <subfield code="2">VBA 01</subfield>
  </datafield>
  <datafield tag="899" ind1=" " ind2=" ">
    <subfield code="a">Biblioteca comunale Augusta. Perugia</subfield>
    <subfield code="1">PG0109</subfield>
    <subfield code="2">UM1 01</subfield>
  </datafield>
  <datafield tag="899" ind1=" " ind2=" ">
    <subfield code="a">Biblioteca universitaria. Pisa</subfield>
    <subfield code="1">PI0112</subfield>
    <subfield code="2">PIS R1</subfield>
  </datafield>
  <datafield tag="899" ind1=" " ind2=" ">
    <subfield code="a">Biblioteca nazionale centrale. Roma</subfield>
    <subfield code="1">RM0267</subfield>
    <subfield code="2">BVE CR</subfield>
  </datafield>
  <datafield tag="899" ind1=" " ind2=" ">
    <subfield code="a">Biblioteca Vallicelliana. Roma</subfield>
    <subfield code="1">RM0281</subfield>
    <subfield code="2">RML 08</subfield>
  </datafield>
  <datafield tag="899" ind1=" " ind2=" ">
    <subfield code="a">Biblioteca Angelica. Roma</subfield>
    <subfield code="1">RM0290</subfield>
    <subfield code="2">RML 06</subfield>
  </datafield>
</record>
</collection>
